@book{cover,
  author = {Cover, Thomas M. and Thomas, Joy A.},
  title = {Elements of information theory},
  year = 1991,
  publisher = {John Wiley and Sons, Inc.}
}

@article{shannon,
  author = {Shannon, Claude E.},
  journal = {The Bell System Technical Journal},
  month = {July, October},
  pages = {379--423, 623--656},
  title = {A Mathematical Theory of Communication},
  volume = 27,
  year = 1948
}

@article{blahut,
  author = {Blahut, Richard E.},
  title = {Computations of channel capacity and rate-distortion functions},
  journal = {IEEE Transations on Information Theory},
  month = {July},
  year = 1972,
  volumne = 18,
  pages = {460--473}
}


